<?xml version="1.0" encoding="utf-8"?>
<record xmlns="http://www.loc.gov/MARC21/slim" xmlns:xsi="http://www.w3.org/2001/XMLSchema-instance" xsi:schemaLocation="http://www.loc.gov/MARC21/slim http://www.loc.gov/standards/marcxml/schema/MARC21slim.xsd">
	<leader>     nam a22     Mi 4500</leader>
	<controlfield tag="001">2755172</controlfield>
	<controlfield tag="003">NjP</controlfield>
	<controlfield tag="006">m        d        </controlfield>
	<controlfield tag="007">cr cn |||m|||a</controlfield>
	<controlfield tag="008">200724m19541956mr      ob    001 0 ara  </controlfield>
	<datafield ind1=" " ind2=" " tag="040">
		<subfield code="a">ZYU</subfield>
		<subfield code="b">ara</subfield>
		<subfield code="e">rda</subfield>
		<subfield code="c">ZYU</subfield>
	</datafield>
	<datafield ind1=" " ind2=" " tag="043">
		<subfield code="a">f-mr---</subfield>
	</datafield>
	<datafield ind1="0" ind2="0" tag="050">
		<subfield code="a">DT314</subfield>
		<subfield code="b">.S252</subfield>
	</datafield>
	<datafield ind1=" " ind2="4" tag="082">
		<subfield code="a">964.2</subfield>
	</datafield>
	<datafield ind1=" " ind2=" " tag="084">
		<subfield code="a">PK1694.3</subfield>
	</datafield>
	<datafield ind1="1" ind2=" " tag="100">
		<subfield code="6">880-01</subfield>
		<subfield code="a">Salāwī, Aḥmad ibn Khālid,</subfield>
		<subfield code="d">1835-1897.</subfield>
	</datafield>
	<datafield ind1="1" ind2="0" tag="245">
		<subfield code="6">880-02</subfield>
		<subfield code="a">Kitāb al-istiqṣā li-akhbār duwal al-Maghrib al-Aqṣá /</subfield>
		<subfield code="c">[allafahu] Abū al-ʻAbbās Aḥmad ibn Khālid al-Nāṣirī. Taḥqīq wa-taʻlīq waladay al-muʹallif : Jaʻfar al-Nāṣirī wa-Muḥammad al-Nāṣirī.</subfield>
	</datafield>
	<datafield ind1="3" ind2=" " tag="246">
		<subfield code="a">Istiqṣā li-akhbār duwal al-Maghrib al-Aqṣá</subfield>
	</datafield>
	<datafield ind1=" " ind2=" " tag="250">
		<subfield code="6">880-03</subfield>
		<subfield code="a">[al-Ṭabʻah 1.].</subfield>
	</datafield>
	<datafield ind1=" " ind2=" " tag="260">
		<subfield code="6">880-04</subfield>
		<subfield code="a">al-Dār al-Bayḍāʹ :</subfield>
		<subfield code="b">Dār al-Kuttāb,</subfield>
		<subfield code="c">1954-1956.</subfield>
	</datafield>
	<datafield ind1=" " ind2=" " tag="300">
		<subfield code="a">online resource (9 volumes)</subfield>
	</datafield>
	<datafield ind1=" " ind2=" " tag="336">
		<subfield code="a">text</subfield>
		<subfield code="2">rdacontent</subfield>
	</datafield>
	<datafield ind1=" " ind2=" " tag="337">
		<subfield code="a">computer</subfield>
		<subfield code="2">rdamedia</subfield>
	</datafield>
	<datafield ind1=" " ind2=" " tag="338">
		<subfield code="a">online resource</subfield>
		<subfield code="2">rdacarrier</subfield>
	</datafield>
	<datafield ind1=" " ind2=" " tag="500">
		<subfield code="a">Part of the Arabic Collections Online (ACO) project, contributed by Princeton University Libraries.</subfield>
	</datafield>
	<datafield ind1=" " ind2=" " tag="504">
		<subfield code="a">Includes bibliographical references and indexes.</subfield>
	</datafield>
	<datafield ind1="0" ind2=" " tag="505">
		<subfield code="a">juzʹ 2. al-Dawlatān al-Murābiṭīyah wa-al-Muwaḥḥadīyah -- juzʹ 3-4. al-Dawlah al-Marīnīyah 2 v. -- juzʹ 5-6. al-Dawlah al-Saʻdīyah 2v. -- juzʹ 7-9 al-Dawlah al-ʻAlawīyah 3 v.</subfield>
	</datafield>
	<datafield ind1=" " ind2=" " tag="533">
		<subfield code="a">Electronic reproduction.</subfield>
		<subfield code="b">New York, N.Y. :</subfield>
		<subfield code="c">New York University,</subfield>
		<subfield code="d">2020.</subfield>
		<subfield code="5">NNU</subfield>
	</datafield>
	<datafield ind1=" " ind2="0" tag="651">
		<subfield code="a">Morocco</subfield>
		<subfield code="x">History.</subfield>
	</datafield>
	<datafield ind1=" " ind2="7" tag="651">
		<subfield code="a">Morocco.</subfield>
		<subfield code="2">fast</subfield>
		<subfield code="0">(OCoLC)fst01205592</subfield>
	</datafield>
	<datafield ind1=" " ind2="7" tag="655">
		<subfield code="a">History.</subfield>
		<subfield code="2">fast</subfield>
		<subfield code="0">(OCoLC)fst01411628</subfield>
	</datafield>
	<datafield ind1="1" ind2=" " tag="700">
		<subfield code="a">al-Nāṣirī, Jaʻfar.</subfield>
	</datafield>
	<datafield ind1="1" ind2=" " tag="700">
		<subfield code="a">al-Nāṣirī, Muḥammad.</subfield>
	</datafield>
	<datafield ind1="2" ind2=" " tag="710">
		<subfield code="a">Princeton University.</subfield>
		<subfield code="b">Library.</subfield>
	</datafield>
	<datafield ind1="0" ind2=" " tag="730">
		<subfield code="a">Arabic Collections Online.</subfield>
	</datafield>
	<datafield ind1="0" ind2="8" tag="776">
		<subfield code="i">Online version:</subfield>
		<subfield code="a">Salāwī, Aḥmad ibn Khālid, 1835-1897.</subfield>
		<subfield code="t">Kitāb al-istiqṣā li-akhbār duwal al-Maghrib al-Aqṣá.</subfield>
		<subfield code="b">[al-Ṭabʻah 1.].</subfield>
		<subfield code="d">al-Dār al-Bayḍāʹ : Dār al-Kuttāb, 1954-1956</subfield>
		<subfield code="w">(OCoLC)646832185</subfield>
	</datafield>
	<datafield ind1="0" ind2="8" tag="776">
		<subfield code="i">Print version:</subfield>
		<subfield code="a">Salāwī, Aḥmad ibn Khālid, 1835-1897.</subfield>
		<subfield code="t">Kitāb al-istiqṣā li-akhbār duwal al-Maghrib al-Aqṣá</subfield>
		<subfield code="w">(NjP)2755172</subfield>
		<subfield code="w">(DLC)   75233966 </subfield>
		<subfield code="w">(OCoLC)22262824</subfield>
	</datafield>
	<datafield ind1="4" ind2="0" tag="856">
		<subfield code="u">http://hdl.handle.net/2333.1/brv15qqv</subfield>
	</datafield>
	<datafield ind1="4" ind2="0" tag="856">
		<subfield code="u">http://hdl.handle.net/2333.1/brv15qqv</subfield>
	</datafield>
	<datafield ind1="1" ind2=" " tag="880">
		<subfield code="6">100-01</subfield>
		<subfield code="a">سلاوي، أحمد بن خالد.</subfield>
	</datafield>
	<datafield ind1="1" ind2="0" tag="880">
		<subfield code="6">240-00</subfield>
		<subfield code="a">استقصا لأخبار دول المغرب الاقصى</subfield>
	</datafield>
	<datafield ind1="1" ind2="0" tag="880">
		<subfield code="6">245-02</subfield>
		<subfield code="a">كتاب الاستقصا لأخبار دول المغرب الأقصى /</subfield>
		<subfield code="c">[ألفه] أبو العباس أحمد بن خالد الناصري. تحقيق وتعليق ولدي المؤلف جعفر الناصرى ومحمد الناصرى.</subfield>
	</datafield>
	<datafield ind1=" " ind2=" " tag="880">
		<subfield code="6">250-03</subfield>
		<subfield code="a">[الطبعة 1.].</subfield>
	</datafield>
	<datafield ind1=" " ind2=" " tag="880">
		<subfield code="6">260-04</subfield>
		<subfield code="a">الدار البيضاء :</subfield>
		<subfield code="b">دار الكتب،</subfield>
		<subfield code="c">1954-1956.</subfield>
	</datafield>
	<datafield ind1="1" ind2=" " tag="880">
		<subfield code="6">700-00</subfield>
		<subfield code="a">ناصري، جعفر بن أحمد.</subfield>
	</datafield>
	<datafield ind1="1" ind2=" " tag="880">
		<subfield code="6">700-00</subfield>
		<subfield code="a">ناصري، محمد.</subfield>
	</datafield>
	<datafield ind1=" " ind2=" " tag="959">
		<subfield code="a">NNU</subfield>
		<subfield code="b">WEB</subfield>
		<subfield code="c">GENI</subfield>
		<subfield code="t">0</subfield>
		<subfield code="m">Electronic access</subfield>
		<subfield code="s">01</subfield>
	</datafield>
	<datafield ind1=" " ind2=" " tag="959">
		<subfield code="a">NNU</subfield>
		<subfield code="b">WEB</subfield>
		<subfield code="c">GENI</subfield>
		<subfield code="t">0</subfield>
		<subfield code="m">Electronic access</subfield>
		<subfield code="s">01</subfield>
	</datafield>
	<datafield ind1=" " ind2=" " tag="999">
		<subfield code="i">NjP_2755172</subfield>
		<subfield code="o">(OCoLC)ocm22262824 </subfield>
		<subfield code="s">princeton_aco002591:v.1-2</subfield>
		<subfield code="s">princeton_aco002469:v.3-4</subfield>
		<subfield code="s">princeton_aco002470:v.5-7</subfield>
		<subfield code="e">(ERROR-880)</subfield>
	</datafield>
</record>
